<record xmlns="http://www.loc.gov/MARC21/slim" xmlns:xsi="http://www.w3.org/2001/XMLSchema-instance" xsi:schemaLocation="http://www.loc.gov/MARC21/slim http://www.loc.gov/standards/marcxml/schema/MARC21slim.xsd"><leader>00598cz   2200157n  4500</leader><controlfield tag="001">oca01919393 </controlfield><controlfield tag="005">20000617064548.0</controlfield><controlfield tag="008">870817n| acannaabn          |a aaa      </controlfield><datafield ind1=" " ind2=" " tag="010"><subfield code="a">n  86113828 </subfield></datafield><datafield ind1=" " ind2=" " tag="040"><subfield code="a">DLC</subfield><subfield code="b">eng</subfield><subfield code="c">DLC</subfield><subfield code="d">OCoLC</subfield></datafield><datafield ind1="1" ind2=" " tag="100"><subfield code="a">Rutilius Lupus, Publius.</subfield></datafield><datafield ind1="1" ind2=" " tag="400"><subfield code="a">Lupus, Publius Rutilius</subfield></datafield><datafield ind1="1" ind2=" " tag="400"><subfield code="a">Rutilius Lupus, P.</subfield><subfield code="q">(Publius)</subfield></datafield><datafield ind1=" " ind2=" " tag="670"><subfield code="a">His De figuris sententiarum ac uerborum ... 1533:</subfield><subfield code="b">t.p. (P. Rutilij Lupi, rhetoris antiquissimi ...)</subfield></datafield><datafield ind1=" " ind2=" " tag="670"><subfield code="a">LC data base, 8-10-87</subfield><subfield code="b">(hdg.: Rutilius Lupus, Publius)</subfield></datafield><datafield ind1=" " ind2=" " tag="670"><subfield code="a">LC PA classification schedule</subfield><subfield code="b">(Rutilius Lupus, P., 1st cent. C.E.)</subfield></datafield></record>